101123456789 123456789 2401101418A094101PNC Bank               Microsoft Inc.         00000000
5200companyName     companyDiscretionarycompanyID PPDEntryDescr110203110102   1DFINumbe0000001
6221234567891313131313       0000002251ID Number      ID Name               De1123456780000001
705Monthly bill                                                                    00010000001
6271234567891313131313       0000002251ID Number      ID Name               De0123456780000002
82000000030024691356000000002251000000002251companyID                          DFINumbe0000001
5200Microsoft Inc.                      123456789 PPD          240110         1123456780000002
82000000000000000000000000000000000000000000123456789                          123456780000002
9000002000001000000030024691356000000002251000000002251                                       
9999999999999999999999999999999999999999999999999999999999999999999999999999999999999999999999